<record><leader>00000cas a22000007a 4500</leader><controlfield tag="001">31059987</controlfield><controlfield tag="008">940907d18541862meuwr ne      0    0eng d</controlfield><datafield ind1=" " ind2=" " tag="010"><subfield code="a">sn 94055634 </subfield></datafield><datafield ind1=" " ind2=" " tag="040"><subfield code="a">MGN</subfield><subfield code="b">eng</subfield><subfield code="c">MGN</subfield><subfield code="d">MBN</subfield><subfield code="d">OCL</subfield><subfield code="d">MBN</subfield><subfield code="d">OCL</subfield><subfield code="d">OCLCQ</subfield><subfield code="d">OCLCG</subfield><subfield code="d">OCLCQ</subfield><subfield code="d">OCLCF</subfield><subfield code="d">OCLCO</subfield></datafield><datafield ind1="1" ind2=" " tag="029"><subfield code="a">AU@</subfield><subfield code="b">000011276751</subfield></datafield><datafield ind1=" " ind2=" " tag="042"><subfield code="a">msc</subfield></datafield><datafield ind1=" " ind2=" " tag="043"><subfield code="a">n-us-me</subfield></datafield><datafield ind1="0" ind2="4" tag="245"><subfield code="a">The Gem and gazette.</subfield></datafield><datafield ind1="1" ind2="7" tag="246"><subfield code="a">Gem, and Dexter literary gazette</subfield></datafield><datafield ind1="1" ind2="7" tag="246"><subfield code="a">Gem and literary gazette</subfield></datafield><datafield ind1=" " ind2=" " tag="260"><subfield code="a">Dexter, Me. :</subfield><subfield code="b">Dexter Printing Establishment</subfield></datafield><datafield ind1=" " ind2=" " tag="300"><subfield code="a">v.</subfield></datafield><datafield ind1=" " ind2=" " tag="310"><subfield code="a">Weekly</subfield></datafield><datafield ind1="1" ind2=" " tag="362"><subfield code="a">Began in 1854; ceased in 1862?</subfield></datafield><datafield ind1=" " ind2=" " tag="500"><subfield code="a">Editor: J.F. Witherell, 1854-</subfield></datafield><datafield ind1=" " ind2=" " tag="500"><subfield code="a">Published simultaneously in Boston, New York, Philadelphia and Dexter, Me., Feb. 17-&lt;May 26&gt;, 1855.</subfield></datafield><datafield ind1=" " ind2=" " tag="588"><subfield code="a">Description based on: Vol. 2, no. 1 (Apr. 22, 1854).</subfield></datafield><datafield ind1=" " ind2="0" tag="651"><subfield code="a">Dexter (Me.)</subfield><subfield code="v">Newspapers.</subfield></datafield><datafield ind1=" " ind2="7" tag="655"><subfield code="a">Newspapers.</subfield><subfield code="2">fast</subfield><subfield code="0">(OCoLC)fst01423814</subfield></datafield><datafield ind1=" " ind2="7" tag="651"><subfield code="a">Maine</subfield><subfield code="z">Dexter.</subfield><subfield code="2">fast</subfield><subfield code="0">(OCoLC)fst01227913</subfield></datafield><datafield ind1="1" ind2=" " tag="700"><subfield code="a">Witherell, J. F.</subfield><subfield code="q">(Joseph Freeman),</subfield><subfield code="d">1810-1898.</subfield></datafield><datafield ind1=" " ind2=" " tag="752"><subfield code="a">United States</subfield><subfield code="b">Maine</subfield><subfield code="c">Penobscot</subfield><subfield code="d">Dexter.</subfield></datafield><datafield ind1="0" ind2="0" tag="780"><subfield code="t">Gem (Dexter, Me.)</subfield><subfield code="w">(DLC)sn 94055634</subfield></datafield><datafield ind1="0" ind2="0" tag="785"><subfield code="t">Weekly gazette, and Dexter advertiser</subfield><subfield code="w">(DLC)sn 97070809</subfield></datafield></record>